<?xml version="1.0"?>
<marc:records xmlns:marc="http://www.loc.gov/MARC21/slim" xmlns:xsi="http://www.w3.org/2001/XMLSchema-instance" xsi:schemaLocation="http://www.loc.gov/MARC21/slim http://www.loc.gov/standards/marcxml/schema/MARC21slim.xsd">
  <marc:record>
    <marc:leader>06137ctm a2200745Ia 4500</marc:leader>
    <marc:controlfield tag="001">9977570027803681</marc:controlfield>
    <marc:controlfield tag="005">20191021083127.0</marc:controlfield>
    <marc:controlfield tag="006">m     o  c        </marc:controlfield>
    <marc:controlfield tag="007">cr#cn|024aaaba</marc:controlfield>
    <marc:controlfield tag="008">190806q17751813mr p          000 0 ara d</marc:controlfield>
    <marc:datafield ind1=" " ind2=" " tag="035">
  <marc:subfield code="a">(OCoLC)1111628835</marc:subfield>
</marc:datafield>
    <marc:datafield ind1=" " ind2=" " tag="035">
  <marc:subfield code="a">(OCoLC)on1111628835</marc:subfield>
</marc:datafield>
    <marc:datafield ind1=" " ind2=" " tag="040">
  <marc:subfield code="a">PAU</marc:subfield>
  <marc:subfield code="b">eng</marc:subfield>
  <marc:subfield code="c">PAU</marc:subfield>
  <marc:subfield code="e">amremm</marc:subfield>
  <marc:subfield code="d">PAU</marc:subfield>
</marc:datafield>
    <marc:datafield ind1=" " ind2="9" tag="099">
  <marc:subfield code="a">Penn Museum 29-201-708</marc:subfield>
</marc:datafield>
    <marc:datafield ind1="0" ind2="0" tag="245">
  <marc:subfield code="6">880-01</marc:subfield>
  <marc:subfield code="a">[Majmu&#x304;&#x2BB;ah]</marc:subfield>
  <marc:subfield code="h">[electronic resource].</marc:subfield>
</marc:datafield>
    <marc:datafield ind1=" " ind2=" " tag="260">
  <marc:subfield code="a">[Morocco?],</marc:subfield>
  <marc:subfield code="c">[between 1775 and 1813?]</marc:subfield>
</marc:datafield>
    <marc:datafield ind1=" " ind2=" " tag="300">
  <marc:subfield code="a">1 online resource (iii flyleaves, 172 paginated leaves) :</marc:subfield>
  <marc:subfield code="b">illuminations.</marc:subfield>
</marc:datafield>
    <marc:datafield ind1=" " ind2=" " tag="500">
  <marc:subfield code="a">Titles supplied by cataloger.</marc:subfield>
</marc:datafield>
    <marc:datafield ind1=" " ind2=" " tag="500">
  <marc:subfield code="a">Modern pagination added in pencil, upper outer corners; catchwords every verso, lower left.</marc:subfield>
</marc:datafield>
    <marc:datafield ind1=" " ind2=" " tag="500">
  <marc:subfield code="a">Layout: Written in 15-24 long lines with poetry in two columns.</marc:subfield>
</marc:datafield>
    <marc:datafield ind1=" " ind2=" " tag="500">
  <marc:subfield code="a">Script: Written in maghribi&#x304; in dark brown and black ink; pointed.</marc:subfield>
</marc:datafield>
    <marc:datafield ind1=" " ind2=" " tag="500">
  <marc:subfield code="a">Decoration: Rubrications in red and blue; two simple finispieces in red and green (p. 118, 135); textblock ruled in red and brown (p. 109, 118, 135).</marc:subfield>
</marc:datafield>
    <marc:datafield ind1=" " ind2=" " tag="500">
  <marc:subfield code="a">Binding: Bound in brown leather with flap (Type II); blind-tooled frame with stamped central mandorla and small flower stamps in the interior corners of the frame; coordinating stamp on the flap; plain paper pastedowns; endbands in blue and white chevron pattern.</marc:subfield>
</marc:datafield>
    <marc:datafield ind1=" " ind2=" " tag="500">
  <marc:subfield code="a">Origin: The date 1213 A.H. (1798 or 1799) appears at the end of part 4 (p. 109), and 1189? A.H. (1775 or 1776) appears at the end of part 5 (p. 113). The digits 28 (in Hindu-Arabic numerals) appear at the bottom of p. 135, which could mean that part was copied in 1228 A.H. (1813 C.E.). The scribe gives his name as Muba&#x304;rak ibn Ah&#x323;mad al-Shayz&#x323;ami&#x304; (p. 135).</marc:subfield>
</marc:datafield>
    <marc:datafield ind1=" " ind2=" " tag="500">
  <marc:subfield code="a">Dimensions of original manuscript: 212 x 145 (165 x 95) mm bound to 212 x 160 mm.</marc:subfield>
</marc:datafield>
    <marc:datafield ind1=" " ind2=" " tag="500">
  <marc:subfield code="a">European laid paper.</marc:subfield>
</marc:datafield>
    <marc:datafield ind1=" " ind2=" " tag="500">
  <marc:subfield code="a">Notes and prayers appear on most flyleaves and blank pages in different hands.</marc:subfield>
</marc:datafield>
    <marc:datafield ind1="0" ind2=" " tag="505">
  <marc:subfield code="a">1. p. 1-40: [Collection of H&#x323;adi&#x304;th selections] -- 2. f. 42-67: H&#x323;aya&#x304;t al-h&#x323;ayawa&#x304;n [incomplete] / Muh&#x323;ammad ibn Mu&#x304;sa&#x301; al-Dami&#x304;ri&#x304; -- 3. p. 78-82: [Collection of H&#x323;adi&#x304;th selections] -- 4. p. 85-109: [Collection of H&#x323;adi&#x304;th selections] -- 5. p. 109-113: Ha&#x304;dhihi al-qis&#x323;s&#x323;ah yuri&#x304;du bi-ha&#x304; s&#x323;abi&#x304; s&#x323;aghi&#x304;r ma&#x304;ta bi-&#x2BB;ishq wa-shawq ila&#x301; Nabi&#x304;na&#x304;  -- 6. p. 114-118: [Story of Abraham and Ish&#x323;a&#x304;q] -- 7. 118-135: Kita&#x304;b fi&#x304;hi muna&#x304;ja&#x304;t sayyidina&#x304; Mu&#x304;sa&#x301; &#x2BB;alayhi al-sala&#x304;m -- 8. p. 137-160: Fa&#x304;&#x2BC;idah -- 9. p. 161-172: [Added notes and prayers]</marc:subfield>
</marc:datafield>
    <marc:datafield ind1=" " ind2=" " tag="520">
  <marc:subfield code="a">Composite manuscript containing 8 works and pages of notations, written in at least three hands. The majority of the works are related to H&#x323;adi&#x304;th and other anecdotes related to Muh&#x323;ammad and other prophets. Some of the paper is machine made; the flyleaves and blank pages have also been covered in notes; some pages have been removed.</marc:subfield>
</marc:datafield>
    <marc:datafield ind1=" " ind2=" " tag="524">
  <marc:subfield code="a">University of Pennsylvania Museum of Archaeology and Anthropology 29-201-708</marc:subfield>
</marc:datafield>
    <marc:datafield ind1=" " ind2=" " tag="533">
  <marc:subfield code="a">Electronic reproduction.</marc:subfield>
  <marc:subfield code="b">Philadelphia, Pa. :</marc:subfield>
  <marc:subfield code="c">University of Pennsylvania Libraries,</marc:subfield>
  <marc:subfield code="d">2019.</marc:subfield>
</marc:datafield>
    <marc:datafield ind1=" " ind2=" " tag="534">
  <marc:subfield code="p">Original:</marc:subfield>
  <marc:subfield code="t">[Majmu&#x304;&#x2BB;ah] (29-201-708),</marc:subfield>
  <marc:subfield code="l">University of Pennsylvania Museum of Archaeology and Anthropology.</marc:subfield>
</marc:datafield>
    <marc:datafield ind1=" " ind2=" " tag="538">
  <marc:subfield code="a">Mode of access: World Wide Web.</marc:subfield>
</marc:datafield>
    <marc:datafield ind1="1" ind2=" " tag="541">
  <marc:subfield code="a">Acquired during the Expedition in Morocco by Talcott Williams and Sophia Wells Royce Williams, 1898.</marc:subfield>
</marc:datafield>
    <marc:datafield ind1=" " ind2=" " tag="546">
  <marc:subfield code="a">Arabic.</marc:subfield>
</marc:datafield>
    <marc:datafield ind1="0" ind2="0" tag="600">
  <marc:subfield code="a">Muh&#x323;ammad,</marc:subfield>
  <marc:subfield code="c">Prophet,</marc:subfield>
  <marc:subfield code="d">-632</marc:subfield>
  <marc:subfield code="v">Early works to 1800.</marc:subfield>
</marc:datafield>
    <marc:datafield ind1="0" ind2="0" tag="600">
  <marc:subfield code="a">Abraham</marc:subfield>
  <marc:subfield code="c">(Biblical patriarch)</marc:subfield>
  <marc:subfield code="x">In the Qur&#x2BC;an</marc:subfield>
  <marc:subfield code="v">Early works to 1800.</marc:subfield>
</marc:datafield>
    <marc:datafield ind1="0" ind2="0" tag="600">
  <marc:subfield code="a">Abraham</marc:subfield>
  <marc:subfield code="c">(Biblical patriarch)</marc:subfield>
  <marc:subfield code="x">Islamic interpretations</marc:subfield>
  <marc:subfield code="v">Early works to 1800.</marc:subfield>
</marc:datafield>
    <marc:datafield ind1="0" ind2="0" tag="600">
  <marc:subfield code="a">Moses</marc:subfield>
  <marc:subfield code="c">(Biblical leader)</marc:subfield>
  <marc:subfield code="x">Islamic interpretations</marc:subfield>
  <marc:subfield code="v">Early works to 1800.</marc:subfield>
</marc:datafield>
    <marc:datafield ind1=" " ind2="0" tag="650">
  <marc:subfield code="a">Hadith</marc:subfield>
  <marc:subfield code="v">Texts</marc:subfield>
  <marc:subfield code="v">Early works to 1800.</marc:subfield>
</marc:datafield>
    <marc:datafield ind1=" " ind2="0" tag="650">
  <marc:subfield code="a">Hadith</marc:subfield>
  <marc:subfield code="x">Criticism, interpretation, etc.</marc:subfield>
  <marc:subfield code="v">Early works to 1800.</marc:subfield>
</marc:datafield>
    <marc:datafield ind1=" " ind2="0" tag="650">
  <marc:subfield code="a">Zoology</marc:subfield>
  <marc:subfield code="v">Pre-Linnean works.</marc:subfield>
</marc:datafield>
    <marc:datafield ind1=" " ind2="0" tag="650">
  <marc:subfield code="a">Zoology</marc:subfield>
  <marc:subfield code="z">Islamic Empire</marc:subfield>
  <marc:subfield code="v">Early works to 1800.</marc:subfield>
</marc:datafield>
    <marc:datafield ind1=" " ind2="7" tag="655">
  <marc:subfield code="a">Fascimiles.</marc:subfield>
  <marc:subfield code="2">aat</marc:subfield>
</marc:datafield>
    <marc:datafield ind1=" " ind2="7" tag="655">
  <marc:subfield code="a">Compilation manuscripts.</marc:subfield>
  <marc:subfield code="2">aat</marc:subfield>
</marc:datafield>
    <marc:datafield ind1=" " ind2="7" tag="655">
  <marc:subfield code="a">Notes (documents)</marc:subfield>
  <marc:subfield code="2">aat</marc:subfield>
</marc:datafield>
    <marc:datafield ind1=" " ind2="7" tag="655">
  <marc:subfield code="a">Annotations (Provenance)</marc:subfield>
  <marc:subfield code="2">rbprov</marc:subfield>
</marc:datafield>
    <marc:datafield ind1=" " ind2="7" tag="655">
  <marc:subfield code="a">Islamic bindings (Binding)</marc:subfield>
  <marc:subfield code="2">rbbin</marc:subfield>
</marc:datafield>
    <marc:datafield ind1=" " ind2="7" tag="655">
  <marc:subfield code="a">Blind tooled (decoration)</marc:subfield>
  <marc:subfield code="2">lobt</marc:subfield>
</marc:datafield>
    <marc:datafield ind1=" " ind2="7" tag="655">
  <marc:subfield code="a">Envelope flaps (features)</marc:subfield>
  <marc:subfield code="2">lobt</marc:subfield>
</marc:datafield>
    <marc:datafield ind1=" " ind2="7" tag="655">
  <marc:subfield code="a">Full covers.</marc:subfield>
  <marc:subfield code="2">lobt</marc:subfield>
</marc:datafield>
    <marc:datafield ind1=" " ind2="0" tag="655">
  <marc:subfield code="a">Manuscripts, Arabic.</marc:subfield>
</marc:datafield>
    <marc:datafield ind1=" " ind2="0" tag="655">
  <marc:subfield code="a">Manuscripts, 18th century.</marc:subfield>
</marc:datafield>
    <marc:datafield ind1=" " ind2="0" tag="655">
  <marc:subfield code="a">Manuscripts, 19th century.</marc:subfield>
</marc:datafield>
    <marc:datafield ind1="1" ind2=" " tag="700">
  <marc:subfield code="6">880-02</marc:subfield>
  <marc:subfield code="a">Shayz&#x323;ami&#x304;, Muba&#x304;rak ibn Ah&#x323;mad,</marc:subfield>
  <marc:subfield code="d">active approximately 1716,</marc:subfield>
  <marc:subfield code="e">scribe</marc:subfield>
</marc:datafield>
    <marc:datafield ind1="1" ind2="2" tag="700">
  <marc:subfield code="6">880-03</marc:subfield>
  <marc:subfield code="a">Dami&#x304;ri&#x304;, Muh&#x323;ammad ibn Mu&#x304;sa&#x301;,</marc:subfield>
  <marc:subfield code="d">1341?-1405.</marc:subfield>
  <marc:subfield code="t">H&#x323;aya&#x304;t al-h&#x323;ayawa&#x304;n al-kubra&#x301;.</marc:subfield>
  <marc:subfield code="k">Selections.</marc:subfield>
</marc:datafield>
    <marc:datafield ind1="1" ind2=" " tag="700">
  <marc:subfield code="a">Williams, Talcott,</marc:subfield>
  <marc:subfield code="d">1849-1928,</marc:subfield>
  <marc:subfield code="e">former owner.</marc:subfield>
</marc:datafield>
    <marc:datafield ind1=" " ind2=" " tag="852">
  <marc:subfield code="b">University of Pennsylvania Museum of Archaeology and Anthropology</marc:subfield>
  <marc:subfield code="a">University of Pennsylvania</marc:subfield>
  <marc:subfield code="j">Penn Museum 29-201-708</marc:subfield>
</marc:datafield>
    <marc:datafield ind1="4" ind2="1" tag="856">
  <marc:subfield code="z">Digital facsimile in OPenn</marc:subfield>
  <marc:subfield code="u">http://openn.library.upenn.edu/Data/0016/html/29_201_708.html</marc:subfield>
</marc:datafield>
    <marc:datafield ind1="0" ind2="0" tag="880">
  <marc:subfield code="6">245-01//r</marc:subfield>
  <marc:subfield code="a">[&#x645;&#x62C;&#x645;&#x648;&#x639;&#x629;]</marc:subfield>
  <marc:subfield code="h">[electronic resource].</marc:subfield>
</marc:datafield>
    <marc:datafield ind1="1" ind2=" " tag="880">
  <marc:subfield code="6">700-02//r</marc:subfield>
  <marc:subfield code="a">&#x634;&#x64A;&#x638;&#x645;&#x64A;&#x60C; &#x645;&#x628;&#x627;&#x631;&#x643; &#x628;&#x646; &#x627;&#x62D;&#x645;&#x62F;&#x60C;</marc:subfield>
  <marc:subfield code="d">active approximately 1716&#x60C;</marc:subfield>
  <marc:subfield code="e">scribe.</marc:subfield>
</marc:datafield>
    <marc:datafield ind1="1" ind2="2" tag="880">
  <marc:subfield code="6">700-03//r</marc:subfield>
  <marc:subfield code="a">&#x62F;&#x645;&#x64A;&#x631;&#x64A;&#x60C; &#x645;&#x62D;&#x645;&#x62F; &#x628;&#x646; &#x645;&#x648;&#x633;&#x649;&#x60C;</marc:subfield>
  <marc:subfield code="d">1341&#x61F;-1405.</marc:subfield>
  <marc:subfield code="t">&#x62D;&#x64A;&#x627;&#x629; &#x627;&#x644;&#x62D;&#x64A;&#x648;&#x627;&#x646; &#x627;&#x644;&#x643;&#x628;&#x631;&#x649;.</marc:subfield>
  <marc:subfield code="k">Selections.</marc:subfield>
</marc:datafield>
    <marc:datafield ind1=" " ind2=" " tag="948">
  <marc:subfield code="h">HELD BY PAU - 0 OTHER HOLDINGS</marc:subfield>
</marc:datafield>
    <marc:datafield ind1=" " ind2=" " tag="994">
  <marc:subfield code="a">Z0</marc:subfield>
  <marc:subfield code="b">PAU</marc:subfield>
</marc:datafield>
    <marc:datafield ind1=" " ind2=" " tag="996">
  <marc:subfield code="a">hinge-right</marc:subfield>
</marc:datafield>
    <marc:holdings>
      <marc:holding>
        <marc:holding_id>22597269380003681</marc:holding_id>
        <marc:call_number>Penn Museum 29-201-708</marc:call_number>
        <marc:library>KislakCntr</marc:library>
        <marc:location>scmsw</marc:location>
      </marc:holding>
    </marc:holdings>
  </marc:record>
</marc:records>
